<?xml version="1.0" encoding="UTF-8"?><collection xmlns="http://www.loc.gov/MARC21/slim"><record><leader>00321nam--2200121-i-4500</leader><controlfield tag="001">000032137</controlfield><controlfield tag="002">20161230</controlfield><controlfield tag="005">20161230201039</controlfield><controlfield tag="008">060222s1000------------r-----000-0-eng-d</controlfield><datafield ind1=" " ind2=" " tag="080"><subfield code="a">550.8(083.53)</subfield></datafield><datafield ind1=" " ind2=" " tag="245"><subfield code="a">Mesures magnetiques 1973.observatoire de tananarive</subfield></datafield><datafield ind1=" " ind2=" " tag="260"><subfield code="a">Tananarive, Universite, Dif.P. 1973</subfield></datafield><datafield ind1=" " ind2=" " tag="852"><subfield code="a">48061</subfield></datafield></record></collection>